<?xml version="1.0" encoding="UTF-8"?><collection xmlns="http://www.loc.gov/MARC21/slim"><record><leader>00605nam--2200181-i-4500</leader><controlfield tag="001">000008439</controlfield><controlfield tag="002">20161230</controlfield><controlfield tag="005">20161230201027</controlfield><controlfield tag="008">060222s1000------------r-----000-0-eng-d</controlfield><datafield ind1=" " ind2=" " tag="040"><subfield code="a">IFIN-HH</subfield></datafield><datafield ind1=" " ind2=" " tag="080"><subfield code="a">539</subfield></datafield><datafield ind1="1" ind2=" " tag="100"><subfield code="a">Becker, Richard L</subfield></datafield><datafield ind1="1" ind2="0" tag="245"><subfield code="a">International nuclear physics conference held at gatlinburg, tennessee, september 12-17, 1966</subfield><subfield code="c">Richard i. becker (editor-in-chief) c.d. goodman, p.h. stelson, a. zucker (assistant editors)</subfield></datafield><datafield ind1=" " ind2=" " tag="260"><subfield code="a">New York</subfield><subfield code="b">Academic Press</subfield><subfield code="c">1967</subfield></datafield><datafield ind1=" " ind2=" " tag="300"><subfield code="a">XXXVI + 1121 P</subfield></datafield><datafield ind1="1" ind2=" " tag="700"><subfield code="a">Zucker, A</subfield><subfield code="e">Ed</subfield></datafield><datafield ind1=" " ind2=" " tag="852"><subfield code="a">26033</subfield><subfield code="c">539</subfield></datafield><datafield ind1=" " ind2=" " tag="CAT"><subfield code="a">Sys</subfield><subfield code="c">20111004</subfield><subfield code="h">095210</subfield></datafield></record></collection>